@inproceedings{grill2015black,
	  title={Black-box optimization of noisy functions with unknown smoothness},
	    author={Grill, Jean-Bastien and Valko, Michal and Munos, R{\'e}mi},
		  booktitle={Neural Information Processing Systems},
		    year={2015}
}

@article{bubeck2011x,
	  title={X-armed bandits},
	    author={Bubeck, S{\'e}bastien and Munos, R{\'e}mi and Stoltz, Gilles and Szepesvari, Csaba},
		  journal={The Journal of Machine Learning Research},
		    volume={12},
			  pages={1655--1695},
			    year={2011},
				  publisher={JMLR. org}
}

@article{bull2013adaptive,
	  title={Adaptive-treed bandits},
	    author={Bull, Adam D},
		  journal={arXiv preprint arXiv:1302.2489},
		    year={2013}
}

@article{azar2014online,
	  title={Online stochastic optimization under correlated bandit feedback},
	    author={Azar, Mohammad Gheshlaghi and Lazaric, Alessandro and Brunskill, Emma},
		  journal={arXiv preprint arXiv:1402.0562},
		    year={2014}
}

@inproceedings{valko2013stochastic,
	  title={Stochastic simultaneous optimistic optimization},
	    author={Valko, Michal and Carpentier, Alexandra and Munos, R{\'e}mi},
		  booktitle={Proceedings of the 30th International Conference on Machine Learning (ICML-13)},
		    pages={19--27},
			  year={2013}
}

